@article{Peyre2010,
author = {Gabriel Peyre},
title = {Best Basis Compressed Sensing},
journaltitle = {IEEE Transactions on Signal Processing},
date = {2010},
}
@article{CandesIntro,
  author = "E. Candes, M.Wakin",
  title = "An Introduction To Compressive Sampling",
  journal = "IEEE Signal Processing Magazine",
  year= "2008"
}

@article{Candes2006,
  author = "Emmanuel Candes, Justin Romberg",
  title= "Sparsity and Incoherence in Compressive Sampling",
  year="2006",
}

@MISC{Candes2005a,
    author = {Emmanuel Candes, Justin Romberg, Terence Tao},
    title = {Stable Signal Recovery from Incomplete and Inaccurate Measurements},
    year = {2005}
}

@MISC{Candes2005b,
    author = {Emmanuel Candes, Justin Romberg, Terence Tao},
    title = {Robust Uncertainty Principles: Exact Signal Reconstruction from Highly Incomplete Frequency Information},
    year = {2005}
}

@misc{SinglePixelCamera,
  title =		{Strona internetowa projektu Single Pixel Camera},
  year =		{2014},
  howpublished =        "\url{http://dsp.rice.edu/cscamera}"
}

@misc{SinglePixelCameraCode,
  title =		{Kod źródłowy l1-magic},
  year =		{2014},
  howpublished =        "\url{http://dsp.rice.edu/files/cs/cscameradata.zip}"
}

@misc{L1MagicNotes,
  author = {Emmanuel Candes, Justin Romberg},
  title =		{l1-magic: Recovery of Sparse Signals via Convex Programming},
  year =		{2014},
  howpublished =        "\url{http://users.ece.gatech.edu/~justin/l1magic/downloads/l1magic.pdf}"
}

@article{Thouti2012,
author = {Krishnahari Thouti },
title = {An OpenCL Method of Parallel Sorting Algorithms for GPU Architecture},
journaltitle = {International Journal of Experimental Algorithms },
date = {2012}
}


@misc{GAGA,
  author = {Jeffrey Blanchard, Jared Tanner},
  title  = {GPU Accelerated Greedy Algorithms},
  year = {2014},
  howpublished =        "\url{http://www.gaga4cs.org/}"
}

@misc{MAGMA,
  author = {Zespół Innovative Computing Laboratory Uniwersytetu Tennessee},
  title  = {Matrix Algebra on GPU and Multicore Architectures},
  year = {2014},
  howpublished =        "\url{http://icl.utk.edu/magma/}"
}

@article{Blumensath2009,
  author="Thomas Blumensath, Mike E. Davis",
  title="Iterative Hard Thresholding for Compressed Sensing",
  journal="Applied and Computational Harmonic Analysis",
  year="2009"
}

@book{IntroductionCS,
  author={M. Davenport i inni},
  title={Introduction to Compressed Sensing in Compressed Sensing: Theory and Applications},
  date={2012},
  journaltitle={Cambridge University Press}
}

@misc{JPEG2000,
  author={JPEG Comittee},
  howpublished= \url{"http://www.jpeg.org/.demo/FAQJpeg2k/coding-and-compression.htm"}
}

@article{Eldar2009,
  author="Yonina C. Eldar",
  title="Compressed Sensing of Analog Signals in Shift-Invariant Spaces",
  year="2009"
}

@article{Rudelson2008,
  author="M. Rudelson and R. Vershynin",
  title="On sparse reconstruction from Fourier and Gaussian measurements",
  year="2008"
}

@article{Zhang2013,
	author = "Yin Zhang",
	title = "Theory of Compressive Sensing via l1 Minimization: a Non-RIP Analysis and Extensions",
	journaltitle = "Journal of the Operations Research Society of China",
	date = "2013"
}

@misc {CurveletWebSite,
  author = "Emmanuel Candes, Laurent Demanet, David Donoho, Lexing Ying",
  howpublished= \url{"http://www.curvelet.org/"}
}

@INPROCEEDINGS{Candes2000,
    author = {Emmanuel J. Candès and David L. Donoho},
    title = {Curvelets: a surprisingly effective nonadaptive representation of objects with edges},
    booktitle = {IN CURVE AND SURFACE FITTING: SAINT-MALO},
    year = {2000},
    publisher = {University Press}
}

@MISC{Berinde2008,
    author = {Radu Berinde and Piotr Indyk},
    title = {Sparse recovery using sparse random matrices},
    year = {2008}
}


@article{Fountoulakis2012,
  author="Kimon Foutoulakis, Jacek Gondzio, Pavel Zhlobich",
  title="Matrix-free Interior Point Method for Compressed Sensing Problems",
  year="2012"
}

@article{Gwon2012,
  author="Gwon, Youngjune, H.T. Kung, Dario Vlah",
  title="Compressive Sensing with Optimal Sparsifying Basis and Applications in Spectrum Sensing",
  journal="IEEE Globecom conference report",
  year="2012"
}

@book{Boyd2004,
	author = {S. Boyd, L. Vanderberghe},
	title = {Convex Optimization},
	date = {2004}
}

@MISC{PR12SIS306,
  author="I. Kułakowska, P. Wiśniewski",
  title="Próbkowanie sygnałów rzadkich - model"
}


@thesis{Davenport2010,
author = {Mark A. Davenport},
title = {Random Observations on Random Observations: Sparse Signal Acquisition and Processing},
institution = {RICE University},
date = {2010},
}

@article{Baraniuk2010,
author = {Richard G. Baraniuk, Volkan Cevher, Marco F. Duarte, Chinmay Hedge},
title = {Model-Based Compressive Sensing},
journaltitle = {IEEE Transactions on Information Theory},
date = {2010},
}


@MISC{Cevher2009,
    author = {Volkan Cevher and Piotr Indyk and Lawrence Carin and Richard G. Baraniuk},
    title = {A Tutorial on Sparse Signal Acquisition and Recovery with Graphical Models},
    year = {2009}
}